@article{roughgarden2024transaction,
  title={Transaction fee mechanism design},
  author={Roughgarden, Tim},
  journal={Journal of the ACM},
  volume={71},
  number={4},
  pages={1--25},
  year={2024},
  publisher={ACM New York, NY}
}

@misc{FPR,
      title={Censorship Resistance in On-Chain Auctions}, 
      author={Elijah Fox and Mallesh Pai and Max Resnick},
      year={2023},
      eprint={2301.13321},
      archivePrefix={arXiv},
      primaryClass={econ.TH},
      url={https://arxiv.org/abs/2301.13321}, 
}

@inproceedings{wang2023security,
  title={Security Analysis of Filecoinâ€™s Expected Consensus in the Byzantine vs Honest Model},
  author={Wang, Xuechao and Azouvi, Sarah and Vukoli{\'c}, Marko},
  booktitle={5th Conference on Advances in Financial Technologies (AFT 2023)},
  year={2023},
  organization={Schloss Dagstuhl-Leibniz-Zentrum f{\"u}r Informatik},
  eprint={2308.06955},
  archivePrefix={arXiv},
  primaryClass={cs.CR},
  url={https://arxiv.org/abs/2308.06955}
}
